@article{Libbrecht-Hall,
    author = {Libbrecht,K. G.  and Hall,J. L. },
    title = {A low‐noise high‐speed diode laser current controller},
    journal = {Review of Scientific Instruments},
    volume = {64},
    number = {8},
    pages = {2133-2135},
    year = {1993},
    doi = {10.1063/1.1143949},
    URL = {https://doi.org/10.1063/1.1143949},
    eprint = {https://doi.org/10.1063/1.1143949}
}

@Manual{IRF9610,
  title        = {IRF9610 Datasheet},
  year         = {2021},
  number       = {IRF9610},
  note         = {Rev. C},
  organization = {Vishay Siliconix},
  url          = {https://www.vishay.com/docs/91080/91080.pdf},
  eprint       = {https://www.vishay.com/docs/91080/91080.pdf},
}

@Software{lm399_reference,
    author = {Baus, Patrick},
    title = {{LM399 Sub-ppm Voltage Reference}},
    version = {2.3.0},
    year = {2019},
    howpublished = "\url{https://github.com/TU-Darmstadt-APQ/Voltage_reference}",
}

@Software{scan2000,
    author = {Baus, Patrick},
    title = {{Keithley SCAN2000 SSR Replacement}},
    version = {2.0.2},
    year = {2022},
    howpublished = "\url{https://github.com/PatrickBaus/SCAN2000}",
}

@misc{k2002,
  title = {{Keithley 2002 8.5 Digit Multimeter with Scanning}},
  howpublished = {\url{https://www.tek.com/en/products/keithley/digital-multimeter/2002-series}},
  note = {Accessed: 2012-08-26}
}
